% This file was created with JabRef 2.4.2.
% Encoding: UTF-8

@ARTICLE{sethianFastLS,
  author = {Adalsteinsson, J. and J. Sethian},
  title = {A Fast Level Set Method for Propagating Interfaces},
  journal = {J. Comput. Phys},
  year = {1994},
  citeseerurl = {http://citeseer.ist.psu.edu/adalsteinsson94fast.html},
  owner = {vencax},
  timestamp = {2009.03.23}
}

@ARTICLE{GIST,
  author = {Joshua E. Cates, Aaron E. Lefohn, Ross T. Whitaker},
  title = {GIST: An Interactive, GPU-Based
	
	Level Set Segmentation Tool for 3D
	
	Medical Images},
  journal = {School of Computing
	
	University of Utah
	
	Salt Lake City, UT 84112 USA},
  year = {2004},
  owner = {vencax},
  timestamp = {2009.03.23}
}

@ARTICLE{sethianLS,
  author = {Osher, S. and J. A. Sethian},
  title = {Fronts propagating with curvature-dependent speed: Algorithms based
	on Hamilton-Jacobi formulations},
  year = {1988},
  owner = {vencax},
  timestamp = {2009.03.23}
}

@ARTICLE{pengSparseFields,
  author = {Peng, D., Merriman, B., Osher, S., Zhao, H., Kang, M.},
  title = {A pde based fast local level set method},
  journal = {J. Comput. Phys.},
  year = {1999},
  owner = {vencax},
  timestamp = {2009.03.23}
}

@ARTICLE{sparseFilelds,
  author = {Whitaker, R.},
  title = {A level-set approach to 3D reconstruction from range data},
  journal = {International Journal of Computer Vision},
  year = {1998},
  owner = {vencax},
  timestamp = {2009.03.23}
}

@BOOK{insightIntoImages,
  title = {Insight into images},
  publisher = {National library of Medicine, ISBN: 1-56881-217-5},
  year = {2004},
  editor = {Terry S. Yoo},
  owner = {vencax},
  timestamp = {2009.03.23}
}

@comment{jabref-meta: selector_publisher:}

@comment{jabref-meta: selector_author:}

@comment{jabref-meta: selector_journal:}

@comment{jabref-meta: selector_keywords:}

